
@article{Zhumakova,
  title={Тайны человеческого мозга},
  author={Жумакова, ТА and Рыспекова, ШО and Жунистаев, ДД and Чурукова, НМ and Исаева, АМ and Алимкул, ИО},
  journal={Международный журнал прикладных и фундаментальных исследований},
  number={6-2},
  pages={230--232},
  year={2017},
  publisher={ООО Научно-издательский центр Академия Естествознания}
}
@article{Ushakov,
  title={Активация структур мозга по данным фМРТ при просмотре видеосюжетов и припоминании показанных действий},
  author={Ушаков, ВЛ and Верхлютов, ВМ and Соколов, ПА and Ублинский, МВ and Стрелец, ВБ and Аграфонов, АЮ and Петряйкин, АВ and Ахадов, ТА},
  journal={Журнал высшей нервной деятельности им. ИП Павлова},
  volume={61},
  number={5},
  pages={553--564},
  year={2011},
  publisher={Федеральное государственное бюджетное учреждение" Российская академия наук"}
}
@article{Belyaevskaya2018,
  doi = {10.24835/1607-0763-2018-1-7-16},
  url = {https://doi.org/10.24835/1607-0763-2018-1-7-16},
  year = {2018},
  month = feb,
  publisher = {Vidar,  Ltd.},
  number = {1},
  pages = {7--16},
  author = {A. A. Belyaevskaya and N. V. Meladze and M. A. Sharia and D. V. Ustyuzhanin and {\cyrchar\CYRM}. H. Zashezova},
  title = {{MODERN} {POSSIBILITIES} {OF} {FUNCTIONAL} {MAGNETIC} {RESONANCE} {IMAGING} {IN} {NEUROIMAGING}},
  journal = {Medical Visualization}
}

@article{Berezutskaya2022,
  doi = {10.1038/s41597-022-01173-0},
  url = {https://doi.org/10.1038/s41597-022-01173-0},
  year = {2022},
  month = mar,
  publisher = {Springer Science and Business Media {LLC}},
  volume = {9},
  number = {1},
  author = {Julia Berezutskaya and Mariska J. Vansteensel and Erik J. Aarnoutse and Zachary V. Freudenburg and Giovanni Piantoni and Mariana P. Branco and Nick F. Ramsey},
  title = {Open multimodal {iEEG}-{fMRI} dataset from naturalistic stimulation with a short audiovisual film},
  journal = {Scientific Data}
}

@misc{https://doi.org/10.48550/arxiv.1804.10167,
  doi = {10.48550/ARXIV.1804.10167},
  url = {https://arxiv.org/abs/1804.10167},
  author = {Sharaev,  Maxim and Andreev,  Alexander and Artemov,  Alexey and Bernstein,  Alexander and Burnaev,  Evgeny and Kondratyeva,  Ekaterina and Sushchinskaya,  Svetlana and Akzhigitov,  Renat},
  keywords = {Computer Vision and Pattern Recognition (cs.CV),  Applications (stat.AP),  FOS: Computer and information sciences,  FOS: Computer and information sciences},
  title = {fMRI: preprocessing,  classification and pattern recognition},
  publisher = {arXiv},
  year = {2018},
  copyright = {arXiv.org perpetual,  non-exclusive license}
}

@misc{https://doi.org/10.48550/arxiv.1706.03762,
  doi = {10.48550/ARXIV.1706.03762},
  url = {https://arxiv.org/abs/1706.03762},
  author = {Vaswani,  Ashish and Shazeer,  Noam and Parmar,  Niki and Uszkoreit,  Jakob and Jones,  Llion and Gomez,  Aidan N. and Kaiser,  Lukasz and Polosukhin,  Illia},
  keywords = {Computation and Language (cs.CL),  Machine Learning (cs.LG),  FOS: Computer and information sciences,  FOS: Computer and information sciences},
  title = {Attention Is All You Need},
  publisher = {arXiv},
  year = {2017},
  copyright = {arXiv.org perpetual,  non-exclusive license}
}

@misc{transformer,
  doi = {10.48550/ARXIV.2201.04288},
  url = {https://arxiv.org/abs/2201.04288},
  author = {Yan, Shen and Xiong, Xuehan and Arnab, Anurag and Lu, Zhichao and Zhang, Mi and Sun, Chen and Schmid, Cordelia},
  keywords = {Computer Vision and Pattern Recognition (cs.CV), Machine Learning (cs.LG), FOS: Computer and information sciences, FOS: Computer and information sciences},

  title = {Multiview Transformers for Video Recognition},
  publisher = {arXiv},
  year = {2022},
  copyright = {Creative Commons Attribution 4.0 International}
}

@book{Demidov,
  title={Как мы видим то, что видим},
  author={Демидов, Вячеслав Евгеньевич},
  year={1979},
  publisher={Знание}
}

@article{badrinarayanan2017segnet,
  title={Segnet: A deep convolutional encoder-decoder architecture for image segmentation},
  author={Badrinarayanan, Vijay and Kendall, Alex and Cipolla, Roberto},
  journal={IEEE transactions on pattern analysis and machine intelligence},
  volume={39},
  number={12},
  pages={2481--2495},
  year={2017},
  publisher={IEEE}
}